
@misc{JPEG,
  title = {{{JPEG}} - {{JPEG}}},
  timestamp = {2017-09-12T13:56:31Z},
  urldate = {2017-09-05},
  howpublished = {\url{https://jpeg.org/jpeg/workplan.html}},
  file = {JPEG - JPEG:files/7/workplan.html:text/html}
}

@misc{JPEG-Spec,
  title = {Itu {{Recommendation T}}.81},
  timestamp = {2017-09-12T13:58:12Z},
  urldate = {2017-09-05},
  howpublished = {\url{https://www.w3.org/Graphics/JPEG/itu-t81.pdf}},
  file = {Microsoft Word - T081E.DOC - itu-t81.pdf.html:files/9/Microsoft Word - T081E.DOC - itu-t81.pdf.html:text/html}
}

@misc{GIF-Spec,
  title = {Graphics {{Interchange Format}} ({{GIF}})},
  timestamp = {2017-09-12T14:03:48Z},
  urldate = {2017-09-05},
  howpublished = {\url{https://www.w3.org/Graphics/GIF/spec-gif87.txt}},
  file = {spec-gif87.html:files/11/spec-gif87.html:text/html}
}

@misc{SVG-Spec,
  title = {Scalable {{Vector Graphics}} ({{SVG}}) 1.1 ({{Second Edition}})},
  timestamp = {2017-09-12T14:00:00Z},
  urldate = {2017-09-05},
  howpublished = {\url{https://www.w3.org/TR/SVG/}},
  file = {Scalable Vector Graphics (SVG) 1.1 (Second Edition):files/13/SVG.html:text/html}
}

@misc{PNG-Spec,
  title = {Portable {{Network Graphics}} ({{PNG}}) {{Specification}} ({{Second Edition}})},
  timestamp = {2017-09-12T13:59:19Z},
  urldate = {2017-09-05},
  howpublished = {\url{https://www.w3.org/TR/PNG/}},
  file = {Portable Network Graphics (PNG) Specification (Second Edition):files/15/PNG.html:text/html}
}

@misc{openclipart,
  title = {Clipart - {{High Quality}}, {{Easy}} to {{Use}}, {{Free Support}}},
  timestamp = {2017-09-12T14:01:47Z},
  urldate = {2017-09-05},
  howpublished = {\url{https://openclipart.org/}},
  file = {Clipart - High Quality, Easy to Use, Free Support:files/17/openclipart.org.html:text/html}
}

@misc{openclipart-licence,
  title = {Share and {{Use Images}} with {{Openclipart}}.},
  timestamp = {2017-09-12T14:00:59Z},
  urldate = {2017-09-05},
  howpublished = {\url{https://openclipart.org/share}},
  file = {Share and Use Images with Openclipart.:files/19/share.html:text/html}
}

@misc{openclipart-dev,
  title = {Openclipart},
  timestamp = {2017-09-12T13:59:06Z},
  urldate = {2017-09-05},
  howpublished = {\url{https://openclipart.org/developers}},
  file = {Openclipart:files/21/developers.html:text/html}
}

@misc{CC,
  title = {About {{The Licenses}} - {{Creative Commons}}},
  timestamp = {2017-09-12T14:02:36Z},
  urldate = {2017-09-05},
  howpublished = {\url{https://creativecommons.org/licenses/}},
  file = {About The Licenses - Creative Commons:files/23/licenses.html:text/html}
}

@misc{CC-BY-NC-ND,
  title = {Creative {{Commons}} \textemdash{} {{Attribution}}-{{NonCommercial}}-{{NoDerivatives}} 4.0 {{International}} \textemdash{} {{CC BY}}-{{NC}}-{{ND}} 4.0},
  timestamp = {2017-09-12T13:54:28Z},
  urldate = {2017-09-05},
  howpublished = {\url{https://creativecommons.org/licenses/by-nc-nd/4.0/}},
  file = {Creative Commons — Attribution-NonCommercial-NoDerivatives 4.0 International — CC BY-NC-ND 4.0:files/25/4.html:text/html}
}

@misc{CC-BY-NC-SA,
  title = {Creative {{Commons}} \textemdash{} {{Attribution}}-{{NonCommercial}}-{{ShareAlike}} 4.0 {{International}} \textemdash{} {{CC BY}}-{{NC}}-{{SA}} 4.0},
  timestamp = {2017-09-12T13:54:46Z},
  urldate = {2017-09-05},
  howpublished = {\url{https://creativecommons.org/licenses/by-nc-sa/4.0/}},
  file = {Creative Commons — Attribution-NonCommercial-ShareAlike 4.0 International — CC BY-NC-SA 4.0:files/27/4.html:text/html}
}

@misc{CC-BY-NC,
  title = {Creative {{Commons}} \textemdash{} {{Attribution}}-{{NonCommercial}} 4.0 {{International}} \textemdash{} {{CC BY}}-{{NC}} 4.0},
  timestamp = {2017-09-12T13:54:11Z},
  urldate = {2017-09-05},
  howpublished = {\url{https://creativecommons.org/licenses/by-nc/4.0/}},
  file = {Creative Commons — Attribution-NonCommercial 4.0 International — CC BY-NC 4.0:files/29/4.html:text/html}
}

@misc{CC-BY-ND,
  title = {Creative {{Commons}} \textemdash{} {{Attribution}}-{{NoDerivatives}} 4.0 {{International}} \textemdash{} {{CC BY}}-{{ND}} 4.0},
  timestamp = {2017-09-12T13:53:58Z},
  urldate = {2017-09-05},
  howpublished = {\url{https://creativecommons.org/licenses/by-nd/4.0/}},
  file = {Creative Commons — Attribution-NoDerivatives 4.0 International — CC BY-ND 4.0:files/31/4.html:text/html}
}

@misc{CC-BY-SA,
  title = {Creative {{Commons}} \textemdash{} {{Attribution}}-{{ShareAlike}} 4.0 {{International}} \textemdash{} {{CC BY}}-{{SA}} 4.0},
  timestamp = {2017-09-12T13:55:05Z},
  urldate = {2017-09-05},
  howpublished = {\url{https://creativecommons.org/licenses/by-sa/4.0/}},
  file = {Creative Commons — Attribution-ShareAlike 4.0 International — CC BY-SA 4.0:files/33/4.html:text/html}
}

@misc{CC-BY,
  title = {Creative {{Commons}} \textemdash{} {{Attribution}} 4.0 {{International}} \textemdash{} {{CC BY}} 4.0},
  timestamp = {2017-09-12T13:53:43Z},
  urldate = {2017-09-05},
  howpublished = {\url{https://creativecommons.org/licenses/by/4.0/}},
  file = {Creative Commons — Attribution 4.0 International — CC BY 4.0:files/35/4.html:text/html}
}

@misc{CC0,
  title = {{{CC0}} - {{Creative Commons}}},
  timestamp = {2017-09-12T13:53:31Z},
  urldate = {2017-09-05},
  howpublished = {\url{https://creativecommons.org/share-your-work/public-domain/cc0}},
  file = {CC0 - Creative Commons:files/37/cc0.html:text/html}
}

@misc{PostgreSQL-hstore,
  title = {{{PostgreSQL}}: {{Documentation}}: 9.6: Hstore},
  timestamp = {2017-09-12T13:59:47Z},
  urldate = {2017-09-12},
  howpublished = {\url{https://www.postgresql.org/docs/9.6/static/hstore.html}},
  file = {PostgreSQL\: Documentation\: 9.6\: hstore:files/40/hstore.html:text/html}
}

@misc{PostgreSQL-blob,
  title = {{{BinaryFilesInDB}} - {{PostgreSQL}} Wiki},
  timestamp = {2017-09-12T14:02:13Z},
  urldate = {2017-09-12},
  howpublished = {\url{https://wiki.postgresql.org/index.php?title=BinaryFilesInDB\&oldid=27902}},
  file = {BinaryFilesInDB - PostgreSQL wiki:files/42/index.html:text/html}
}

@misc{berkeleydb,
  title = {Oracle {{Berkeley DB}}},
  timestamp = {2017-09-12T15:43:15Z},
  urldate = {2017-09-12},
  howpublished = {\url{http://www.oracle.com/technetwork/database/database-technologies/berkeleydb/overview/index.html}},
  file = {Oracle Berkeley DB:files/45/index.html:text/html}
}

@misc{memcachedb,
  title = {{{MemcacheDB}}: {{A}} Distributed Key-Value Storage System Designed for Persistent},
  timestamp = {2017-09-12T15:53:23Z},
  urldate = {2017-09-12},
  howpublished = {\url{http://memcachedb.org/}},
  file = {MemcacheDB\: A distributed key-value storage system designed for persistent:files/47/memcachedb.org.html:text/html}
}


