
@misc{zotero-null-4,
  timestamp = {2016-01-28T09:53:42Z}
}

@book{macht-der-abstraktion,
  title = {Die {{Macht}} der {{Abstraktion}}: {{Einführung}} in die {{Programmierung}}},
  isbn = {3-8351-0155-2},
  timestamp = {2016-01-28T09:56:45Z},
  publisher = {{Vieweg+Teubner Verlag}},
  author = {Klaeren, Herbert and Sperber, Micheal},
  date = {2007}
}

@misc{lehrplan-inf-sek-1,
  title = {Lehrplan für {{Angewandte Informatik}} in der {{Sekundarstufe I}}},
  url = {http://lehrplan.lernnetz.de/index.php?wahl=138},
  timestamp = {2016-01-28T09:51:16Z},
  publisher = {{Land Schleswig-Holstein}},
  date = {2010}
}

@misc{lehrplan-inf-sek-2,
  title = {Lehrplan für {{Angewandte Informatik}} in der {{Sekundarstufe II}}},
  url = {http://lehrplan.lernnetz.de/index.php?DownloadID=73},
  timestamp = {2016-01-28T09:54:31Z},
  publisher = {{Land Schleswig-Holstein}},
  date = {2002}
}

@comment{jabref-meta: groupsversion:3;}
@comment{jabref-meta: groupstree:
0 AllEntriesGroup:;
1 ExplicitGroup:Master Thesis\;0\;lehrplan-inf-sek-1\;lehrplan-inf-sek
-2\;macht-der-abstraktion\;;
}

