@misc{typescript_interfaces,
	title = {Interfaces Â· {TypeScript}},
	url = {https://www.typescriptlang.org/docs/handbook/interfaces.html},
	urldate = {2017-03-27}
}

@misc{angular2_flow,
	title = {Angular},
	url = {https://angular.io/docs/ts/latest/guide/architecture.html#!#templates},
	abstract = {Angular is a development platform for building mobile and desktop web applications},
	urldate = {2017-03-28}
}


@misc{sqlite_doc_alter,
	title = {{SQLite} {Query} {Language}: {ALTER} {TABLE}},
	url = {https://sqlite.org/lang_altertable.html},
	urldate = {2017-04-01},
}


@misc{sqlite_create_table_nullpk,
	title = {{SQLite} {Query} {Language}: {ALTER} {TABLE}},
	url = {https://sqlite.org/lang_altertable.html},
	urldate = {2017-04-01},
	file = {SQLite Query Language\: ALTER TABLE:C\:\\Users\\OlMon\\AppData\\Roaming\\Mozilla\\Firefox\\Profiles\\6k3tr0oi.default\\zotero\\storage\\D8WQAGCR\\lang_altertable.html:text/html}
}

@misc{sqlite_pragma,
	title = {Pragma statements supported by {SQLite}},
	url = {https://sqlite.org/pragma.html},
	urldate = {2017-04-07}
}