
@misc{JPEG,
  title = {{{JPEG}} - {{JPEG}}},
  timestamp = {2017-09-12T13:56:31Z},
  urldate = {2017-09-05},
  howpublished = {\url{https://jpeg.org/jpeg/workplan.html}},
  file = {JPEG - JPEG:/home/djerun/.zotero/zotero/qsap0d6d.default/zotero/storage/VD2ZQBD5/workplan.html:text/html}
}

@misc{JPEG-Spec,
  title = {Itu {{Recommendation T}}.81},
  timestamp = {2017-09-12T13:58:12Z},
  urldate = {2017-09-05},
  howpublished = {\url{https://www.w3.org/Graphics/JPEG/itu-t81.pdf}},
  file = {Microsoft Word - T081E.DOC - itu-t81.pdf.html:/home/djerun/.zotero/zotero/qsap0d6d.default/zotero/storage/BTGHWX2T/Microsoft Word - T081E.DOC - itu-t81.pdf.html:text/html}
}

@misc{GIF-Spec,
  title = {Graphics {{Interchange Format}} ({{GIF}})},
  timestamp = {2017-09-12T14:03:48Z},
  urldate = {2017-09-05},
  howpublished = {\url{https://www.w3.org/Graphics/GIF/spec-gif87.txt}},
  file = {spec-gif87.html:/home/djerun/.zotero/zotero/qsap0d6d.default/zotero/storage/3PKCN3ZF/spec-gif87.html:text/html}
}

@misc{SVG-Spec,
  title = {Scalable {{Vector Graphics}} ({{SVG}}) 1.1 ({{Second Edition}})},
  timestamp = {2017-09-12T14:00:00Z},
  urldate = {2017-09-05},
  howpublished = {\url{https://www.w3.org/TR/SVG/}},
  file = {Scalable Vector Graphics (SVG) 1.1 (Second Edition):/home/djerun/.zotero/zotero/qsap0d6d.default/zotero/storage/BTB9H5C4/SVG.html:text/html}
}

@misc{PNG-Spec,
  title = {Portable {{Network Graphics}} ({{PNG}}) {{Specification}} ({{Second Edition}})},
  timestamp = {2017-09-12T13:59:19Z},
  urldate = {2017-09-05},
  howpublished = {\url{https://www.w3.org/TR/PNG/}},
  file = {Portable Network Graphics (PNG) Specification (Second Edition):/home/djerun/.zotero/zotero/qsap0d6d.default/zotero/storage/JGWHNBFQ/PNG.html:text/html}
}

@misc{openclipart,
  title = {Clipart - {{High Quality}}, {{Easy}} to {{Use}}, {{Free Support}}},
  timestamp = {2017-09-12T14:01:47Z},
  urldate = {2017-09-05},
  howpublished = {\url{https://openclipart.org/}},
  file = {Clipart - High Quality, Easy to Use, Free Support:/home/djerun/.zotero/zotero/qsap0d6d.default/zotero/storage/WAP2F5WG/openclipart.org.html:text/html}
}

@misc{openclipart-licence,
  title = {Share and {{Use Images}} with {{Openclipart}}.},
  timestamp = {2017-09-12T14:00:59Z},
  urldate = {2017-09-05},
  howpublished = {\url{https://openclipart.org/share}},
  file = {Share and Use Images with Openclipart.:/home/djerun/.zotero/zotero/qsap0d6d.default/zotero/storage/GC2C2PU8/share.html:text/html}
}

@misc{openclipart-dev,
  title = {Openclipart},
  timestamp = {2017-09-12T13:59:06Z},
  urldate = {2017-09-05},
  howpublished = {\url{https://openclipart.org/developers}},
  file = {Openclipart:/home/djerun/.zotero/zotero/qsap0d6d.default/zotero/storage/QC86PKQ3/developers.html:text/html}
}

@misc{CC,
  title = {About {{The Licenses}} - {{Creative Commons}}},
  timestamp = {2017-09-12T14:02:36Z},
  urldate = {2017-09-05},
  howpublished = {\url{https://creativecommons.org/licenses/}},
  file = {About The Licenses - Creative Commons:/home/djerun/.zotero/zotero/qsap0d6d.default/zotero/storage/JXW2BMHM/licenses.html:text/html}
}

@misc{CC-BY-NC-ND,
  title = {Creative {{Commons}} \textemdash{} {{Attribution}}-{{NonCommercial}}-{{NoDerivatives}} 4.0 {{International}} \textemdash{} {{CC BY}}-{{NC}}-{{ND}} 4.0},
  timestamp = {2017-09-12T13:54:28Z},
  urldate = {2017-09-05},
  howpublished = {\url{https://creativecommons.org/licenses/by-nc-nd/4.0/}},
  file = {Creative Commons — Attribution-NonCommercial-NoDerivatives 4.0 International — CC BY-NC-ND 4.0:/home/djerun/.zotero/zotero/qsap0d6d.default/zotero/storage/XVM8AQNT/4.html:text/html}
}

@misc{CC-BY-NC-SA,
  title = {Creative {{Commons}} \textemdash{} {{Attribution}}-{{NonCommercial}}-{{ShareAlike}} 4.0 {{International}} \textemdash{} {{CC BY}}-{{NC}}-{{SA}} 4.0},
  timestamp = {2017-09-12T13:54:46Z},
  urldate = {2017-09-05},
  howpublished = {\url{https://creativecommons.org/licenses/by-nc-sa/4.0/}},
  file = {Creative Commons — Attribution-NonCommercial-ShareAlike 4.0 International — CC BY-NC-SA 4.0:/home/djerun/.zotero/zotero/qsap0d6d.default/zotero/storage/HV7JANIH/4.html:text/html}
}

@misc{CC-BY-NC,
  title = {Creative {{Commons}} \textemdash{} {{Attribution}}-{{NonCommercial}} 4.0 {{International}} \textemdash{} {{CC BY}}-{{NC}} 4.0},
  timestamp = {2017-09-12T13:54:11Z},
  urldate = {2017-09-05},
  howpublished = {\url{https://creativecommons.org/licenses/by-nc/4.0/}},
  file = {Creative Commons — Attribution-NonCommercial 4.0 International — CC BY-NC 4.0:/home/djerun/.zotero/zotero/qsap0d6d.default/zotero/storage/DMM56E8F/4.html:text/html}
}

@misc{CC-BY-ND,
  title = {Creative {{Commons}} \textemdash{} {{Attribution}}-{{NoDerivatives}} 4.0 {{International}} \textemdash{} {{CC BY}}-{{ND}} 4.0},
  timestamp = {2017-09-12T13:53:58Z},
  urldate = {2017-09-05},
  howpublished = {\url{https://creativecommons.org/licenses/by-nd/4.0/}},
  file = {Creative Commons — Attribution-NoDerivatives 4.0 International — CC BY-ND 4.0:/home/djerun/.zotero/zotero/qsap0d6d.default/zotero/storage/F8QE5RTX/4.html:text/html}
}

@misc{CC-BY-SA,
  title = {Creative {{Commons}} \textemdash{} {{Attribution}}-{{ShareAlike}} 4.0 {{International}} \textemdash{} {{CC BY}}-{{SA}} 4.0},
  timestamp = {2017-09-12T13:55:05Z},
  urldate = {2017-09-05},
  howpublished = {\url{https://creativecommons.org/licenses/by-sa/4.0/}},
  file = {Creative Commons — Attribution-ShareAlike 4.0 International — CC BY-SA 4.0:/home/djerun/.zotero/zotero/qsap0d6d.default/zotero/storage/PB6ZB8QB/4.html:text/html}
}

@misc{CC-BY,
  title = {Creative {{Commons}} \textemdash{} {{Attribution}} 4.0 {{International}} \textemdash{} {{CC BY}} 4.0},
  timestamp = {2017-09-12T13:53:43Z},
  urldate = {2017-09-05},
  howpublished = {\url{https://creativecommons.org/licenses/by/4.0/}},
  file = {Creative Commons — Attribution 4.0 International — CC BY 4.0:/home/djerun/.zotero/zotero/qsap0d6d.default/zotero/storage/5EF6A982/4.html:text/html}
}

@misc{CC0,
  title = {{{CC0}} - {{Creative Commons}}},
  timestamp = {2017-09-12T13:53:31Z},
  urldate = {2017-09-05},
  howpublished = {\url{https://creativecommons.org/share-your-work/public-domain/cc0}},
  file = {CC0 - Creative Commons:/home/djerun/.zotero/zotero/qsap0d6d.default/zotero/storage/A4BG9G23/cc0.html:text/html}
}

@misc{PostgreSQL-hstore,
  title = {{{PostgreSQL}}: {{Documentation}}: 9.6: Hstore},
  timestamp = {2017-09-12T13:59:47Z},
  urldate = {2017-09-12},
  howpublished = {\url{https://www.postgresql.org/docs/9.6/static/hstore.html}},
  file = {PostgreSQL\: Documentation\: 9.6\: hstore:/home/djerun/.zotero/zotero/qsap0d6d.default/zotero/storage/PNAQ8Z2E/hstore.html:text/html}
}

@misc{PostgreSQL-blob,
  title = {{{BinaryFilesInDB}} - {{PostgreSQL}} Wiki},
  timestamp = {2017-09-12T14:02:13Z},
  urldate = {2017-09-12},
  howpublished = {\url{https://wiki.postgresql.org/index.php?title=BinaryFilesInDB\&oldid=27902}},
  file = {BinaryFilesInDB - PostgreSQL wiki:/home/djerun/.zotero/zotero/qsap0d6d.default/zotero/storage/DT3SNI6M/index.html:text/html}
}

@misc{berkeleydb,
  title = {Oracle {{Berkeley DB}}},
  timestamp = {2017-09-12T15:43:15Z},
  urldate = {2017-09-12},
  howpublished = {\url{http://www.oracle.com/technetwork/database/database-technologies/berkeleydb/overview/index.html}},
  file = {Oracle Berkeley DB:/home/djerun/.zotero/zotero/qsap0d6d.default/zotero/storage/IAVMAHD6/index.html:text/html}
}

@misc{memcachedb,
  title = {{{MemcacheDB}}: {{A}} Distributed Key-Value Storage System Designed for Persistent},
  timestamp = {2017-09-12T15:53:23Z},
  urldate = {2017-09-12},
  howpublished = {\url{http://memcachedb.org/}},
  file = {MemcacheDB\: A distributed key-value storage system designed for persistent:/home/djerun/.zotero/zotero/qsap0d6d.default/zotero/storage/8EVJGQ99/memcachedb.org.html:text/html}
}

@misc{FreeBSD-Jail-developer-comments,
  title = {Jails \textendash{} {{High}} Value but Shitty {{Virtualization}} \textemdash{} {{PHKs Bikeshed}}},
  timestamp = {2017-09-13T12:45:31Z},
  urldate = {2017-09-13},
  howpublished = {\url{http://phk.freebsd.dk/sagas/jails.html}},
  file = {Jails – High value but shitty Virtualization — PHKs Bikeshed:/home/djerun/.zotero/zotero/qsap0d6d.default/zotero/storage/XBZXR778/jails.html:text/html}
}

@misc{FreeBSD-Jail-doc,
  title = {Chapter~14.~{{Jails}}},
  timestamp = {2017-09-13T12:38:46Z},
  urldate = {2017-09-13},
  howpublished = {\url{https://www.freebsd.org/doc/en_US.ISO8859-1/books/handbook/jails.html}},
  file = {Chapter 14. Jails:/home/djerun/.zotero/zotero/qsap0d6d.default/zotero/storage/JXWJ6MN4/jails.html:text/html}
}

@misc{FreeBSD-Jail-paper,
  title = {Sane2000-Jail.Pdf},
  timestamp = {2017-09-13T12:39:52Z},
  urldate = {2017-09-13},
  howpublished = {\url{http://phk.freebsd.dk/pubs/sane2000-jail.pdf}},
  file = {sane2000-jail.pdf:/home/djerun/.zotero/zotero/qsap0d6d.default/zotero/storage/X9GH5792/sane2000-jail.html:text/html}
}

@misc{docker-storage-driver,
  title = {Select a Storage Driver - {{Docker}}},
  abstract = {Learn how select the proper storage driver for your container.},
  timestamp = {2017-10-05T10:22:35Z},
  urldate = {2017-09-13},
  howpublished = {\url{http://archive.is/n3DZV}},
  journal = {archive.is},
  month = dec,
  year = {2016},
  file = {Snapshot:/home/djerun/.zotero/zotero/qsap0d6d.default/zotero/storage/R69W6QP4/n3DZV.html:text/html}
}


