
@thesis{riemer2016,
  location = {{Wedel}},
  title = {{{BlattWerkzeug}} - {{Eine}} Datenzentrierte {{Entwicklungsumgebung}} FÃ¼r Den {{Schulunterricht}}},
  url = {http://files.blattwerkzeug.de/theses/marcus-riemer-thesis-blattwerkzeug.pdf},
  institution = {{Fachhohschule Wedel}},
  type = {Master-Thesis},
  urldate = {2018-09-23},
  date = {2016-10-31},
  author = {Riemer, Markus}
}

@thesis{riemerPostgresCommit,
url = {https://github.com/MarcusRiemer/esqulino/commit/cc6112e0c8fa69d7d5185363df1518b7e668837e},
type = {Github Commit},
urldate = {2020-05-15},
date = {2013-11-03},
author = {Riemer, Markus}
}


