
@book{grimm_informatik_2015,
  address = {Paderborn},
  edition = {Druck A, 1},
  series = {Sch{\"o}ningh-Schulbuch},
  title = {{Informatik 2}},
  isbn = {978-3-14-037127-8},
  shorttitle = {{Informatik. 2, [Sch{\"u}lerband]}},
  language = {ger},
  timestamp = {2016-09-25T11:15:42Z},
  publisher = {{Sch{\"o}ningh}},
  author = {Grimm, Robert and Scholle, Oliver},
  editor = {Kempe, Thomas and L{\"o}hr, Annika},
  year = {2015},
  note = {OCLC: 942763242},
  keywords = {Schulbuch}
}

@book{macht-der-abstraktion,
  title = {Die {{Macht}} Der {{Abstraktion}}: {{Einf{\"u}hrung}} in Die {{Programmierung}}},
  isbn = {3-8351-0155-2},
  timestamp = {2016-01-28T09:56:45Z},
  publisher = {{Vieweg+Teubner Verlag}},
  author = {Klaeren, Herbert and Sperber, Micheal},
  year = {2007}
}

@misc{effective-colour-part-2,
  title = {Effective {{Use}} of {{Color}} and {{Graphics}} in {{Applications}} for {{Children}}, {{Part II}}: {{Kids}} 7 to 14 {{Years}} of {{Age}}},
  timestamp = {2016-05-17T07:23:01Z},
  urldate = {2016-05-17},
  journal = {UX matters},
  author = {Naranjo-Bock, Catalina},
  month = dec,
  year = 2011
}

@misc{lehrplan-inf-sek-1,
  title = {Lehrplan F{\"u}r {{Angewandte Informatik}} in Der {{Sekundarstufe I}}},
  timestamp = {2016-01-28T09:51:16Z},
  publisher = {{Land Schleswig-Holstein}},
  year = {2010}
}

@misc{sqlite-grammar,
  title = {{{SQL As Understood By SQLite}}},
  timestamp = {2016-05-17T07:19:42Z},
  urldate = {2016-04-21},
  howpublished = {\url{https://www.sqlite.org/lang.html}},
  journal = {SQL As Understood By SQLite}
}

@book{hubwieser_inf_2,
  address = {Stuttgart},
  edition = {1. Aufl., 5. Dr},
  series = {Informatik},
  title = {{Tabellenkalkulationssysteme, Datenbanken}},
  isbn = {978-3-12-731668-1},
  language = {ger},
  timestamp = {2016-09-25T11:14:48Z},
  number = {Lehrwerk f{\"u}r Gymnasien ; 2, [Sch{\"u}lerbd,]},
  publisher = {{Klett}},
  editor = {Hubwieser, Peter and Spohrer, Mattias},
  year = {2011},
  note = {OCLC: 934924890},
  keywords = {Gymnasium,Informatik,Schulbuch}
}

@misc{lehrplan-inf-sek-2,
  title = {Lehrplan F{\"u}r {{Angewandte Informatik}} in Der {{Sekundarstufe II}}},
  timestamp = {2016-01-28T09:54:31Z},
  publisher = {{Land Schleswig-Holstein}},
  year = {2002}
}

@comment{jabref-meta: groupsversion:3;}
@comment{jabref-meta: groupstree:
0 AllEntriesGroup:;
1 ExplicitGroup:Master Thesis\;0\;statista-os-verbreitung\;macht-der-a
bstraktion\;lehrplan-inf-sek-1\;lehrplan-inf-sek-2\;gunnerson-minus-10
0\;ts-compiler-class-order-bug\;sqlite-grammar\;effective-colour-part-
2\;liquid-introduction\;grimm_informatik_2015\;open-api\;hubwieser_inf
_2\;spolsky_law_abstractions\;;
}

